<collection xmlns="http://www.loc.gov/MARC21/slim"><record><leader>00727nam  2200205   450</leader><controlfield tag="001">997</controlfield><controlfield tag="003">http://montalegre.opacnet.com/OPAC/default.aspx?ContentAreaControl=ShowRegHoldings.ascx&amp;RegNo=16662</controlfield><datafield tag="100" ind1=" " ind2=" "><subfield code="a">20061013d1984    m  y0pora010305  ba</subfield></datafield><datafield tag="101" ind1="1" ind2=" "><subfield code="a">por</subfield><subfield code="c">eng</subfield></datafield><datafield tag="102" ind1=" " ind2=" "><subfield code="a">PT</subfield></datafield><datafield tag="200" ind1="1" ind2=" "><subfield code="a">Recordando a guerra espanhola</subfield><subfield code="f">George Orwell</subfield><subfield code="g">trad. M. C. Nunes</subfield><subfield code="g">introd. C. K. Debrito</subfield></datafield><datafield tag="210" ind1=" " ind2=" "><subfield code="a">Lisboa</subfield><subfield code="c">Antígona</subfield><subfield code="d">1984</subfield></datafield><datafield tag="215" ind1=" " ind2=" "><subfield code="a">52, [4] p.</subfield><subfield code="d">21 cm</subfield></datafield><datafield tag="304" ind1=" " ind2=" "><subfield code="a">Tít. orig. Looking back on the spanish war</subfield></datafield><datafield tag="675" ind1=" " ind2=" "><subfield code="a">821</subfield><subfield code="v">BN</subfield><subfield code="z">por</subfield></datafield><datafield tag="700" ind1=" " ind2="1"><subfield code="a">Orwell</subfield><subfield code="b">George</subfield><subfield code="c">pseud.</subfield><subfield code="f">1903-1950</subfield></datafield><datafield tag="702" ind1=" " ind2="1"><subfield code="a">Nunes</subfield><subfield code="b">M. C.</subfield><subfield code="4">730</subfield></datafield><datafield tag="702" ind1=" " ind2="1"><subfield code="a">Debrito</subfield><subfield code="b">Carlos K.</subfield><subfield code="4">080</subfield></datafield><datafield tag="801" ind1=" " ind2="0"><subfield code="a">PT</subfield><subfield code="b">Biblioteca Municipal de Montalegre</subfield><subfield code="g">RPC</subfield></datafield><datafield tag="856" ind1=" " ind2=" "><subfield code="u">locateMedia.asp?cod=20060705151104&amp;ext=jpg</subfield><subfield code="z">CAPA</subfield></datafield><datafield tag="909" ind1="&#9;" ind2=" "><subfield code="a">1</subfield></datafield><datafield tag="966" ind1=" " ind2=" "><subfield code="a">0009290</subfield><subfield code="l">BMM</subfield><subfield code="s">SCG 821 ORW rec</subfield></datafield></record></collection>